<?xml version="1.0" encoding="UTF-8"?><collection><record><leader>10012ntm a2200829 a 4500</leader><controlfield tag="001">006814062</controlfield><controlfield tag="003">MiAaHDL</controlfield><controlfield tag="005">20190719000000.0</controlfield><controlfield tag="006">m        d        </controlfield><controlfield tag="007">cr bn ---auaua</controlfield><controlfield tag="008">090608m16121619kv            00| ||ara d</controlfield><datafield tag="035" ind1=" " ind2=" "><subfield code="a">(MiU)006814062</subfield></datafield><datafield tag="035" ind1=" " ind2=" "><subfield code="a">sdr-miu006814062</subfield></datafield><datafield tag="040" ind1=" " ind2=" "><subfield code="a">MiU</subfield><subfield code="c">MiU</subfield><subfield code="e">amremm</subfield></datafield><datafield tag="043" ind1=" " ind2=" "><subfield code="a">n-us-mi</subfield></datafield><datafield tag="100" ind1="0" ind2=" "><subfield code="6">880-01</subfield><subfield code="a">Bağdadlı İlmî Dede,</subfield><subfield code="d">-1611 or 1612.</subfield></datafield><datafield tag="245" ind1="1" ind2="0"><subfield code="6">880-02</subfield><subfield code="a">Kitāb Sharḥ Mathnawī al-ṣaghīr wa-Sharḥ qaṣīdat al-Burdah,</subfield><subfield code="f">[1021, i.e. 1612 and 1029, i.e. 1619].</subfield></datafield><datafield tag="246" ind1="3" ind2=" "><subfield code="6">880-05</subfield><subfield code="a">Lamaḥāt lamaʻāt al-maʻnawī</subfield></datafield><datafield tag="246" ind1="3" ind2=" "><subfield code="6">880-04</subfield><subfield code="a">Sharḥ Jazīrat al-Mathnawī</subfield></datafield><datafield tag="246" ind1="3" ind2=" "><subfield code="6">880-03</subfield><subfield code="a">Şerh-i Cezire-yi Mesnevi</subfield></datafield><datafield tag="260" ind1=" " ind2=" "><subfield code="a">[Vučitrn?,</subfield><subfield code="c">1612-1619].</subfield></datafield><datafield tag="300" ind1=" " ind2=" "><subfield code="a">180 leaves :</subfield><subfield code="b">paper ;</subfield><subfield code="c">210 x 145 (155 x 80) mm.</subfield></datafield><datafield tag="500" ind1=" " ind2=" "><subfield code="a">Shelfmark: Ann Arbor, University of Michigan, Special Collections Library, Isl. Ms. 685</subfield></datafield><datafield tag="500" ind1=" " ind2=" "><subfield code="a">Origin: As appears in colophon on fol.123b (p.246), transcription of first work finished ("qad waqaʻa al-farāgh min taḥrīrih wa-tanmīqih...") in latter Ṣafar, 1021 [April 1612] ; name of copyist is unclear, though he appears to have been muʼadhdhin (müezzin) in the Gazi Ali Bey mosque, likely of Vučitrn [Vıçıtırın], Kosovo. As appears in colophon on fol.179a (p.357), transcription of second work finished on the first of Muḥarram 1029 [ca. 8 December 1619] ; name of copyist (and perhaps also place of transcription) was recorded but later effaced and now illegible.</subfield></datafield><datafield tag="500" ind1=" " ind2=" "><subfield code="a">Accompanying materials: a. Inventory cataloguing slip in hand of Winifred Smeaton Thomas. -- b. Acquisitions slip from Yahuda.</subfield></datafield><datafield tag="500" ind1=" " ind2=" "><subfield code="a">Former shelfmark: From spine label and inscription on fol.1a (p.1), "IL 215" (likely supplied by Yahuda, see acquisitions slip).</subfield></datafield><datafield tag="500" ind1=" " ind2=" "><subfield code="a">Binding: Heavy, thick, dark brown leather without boards (limp binding) ; Type III binding (without flap) ; upper and lower cover bear blind-tooled border and diamond design (slightly off-center) in four cross-like rosettes ; same cross-like rosettes appear in decorative border along upper and outer lengths of the cover ; entire design appears some what off-center, as though cover was decorated for larger codex and then cut to fit this ms. ; exposed interior of leather covers serve as "doublures" ; sewn in blue thread, two stations ; in fair condition, though quite worn, with leather cracked and abraded, but still well-attached to text block.</subfield></datafield><datafield tag="500" ind1=" " ind2=" "><subfield code="a">Support: European laid paper with laid lines running vertically spaced roughly 8 laid lines per cm., chain lines (horizontal) spaced 27-28 mm. apart, and watermark of anchor in circle (single line) with leaf or trefoil above (see p.6, 12, 256, etc.), sturdy, heavily burnished ; same paper appears to have been used for both works ; countermark "B C" below trefoil is visible in p.254, etc.</subfield></datafield><datafield tag="500" ind1=" " ind2=" "><subfield code="a">Decoration: Textual dividers in the form of red discs, three dots, etc. appear throughout ; text rubricated with textual dividers, overlinings (marking transcribed verse being commented upon, etc.), and section headings ("بيت" introducing verse, "رحمه", etc.) in red.</subfield></datafield><datafield tag="500" ind1=" " ind2=" "><subfield code="a">Script: Copied in two distinct hands, one for each work, though hand at close of opening work is similar to that of second work and possibly supplied by the same copyist: [1] Naskh ; Turkish / Balkan hand ; virtually serifless with mainly closed counters, kāf mashkūlah preferred, final kāf having kāf ṣaghīrah (hamzah-like form) repeated twice, in typical position and above the vertical stroke ; occasional extremely slight effect of words descending to baseline and final letters or final word of line superscript ; [2] Nastaʻlīq (talik) ; Turkish / Balkan hand ; virtually serifless, though a left-sloping head serif on lām of definite article rarely appears, strong effect of words descending to baseline, final letters or words superscript or line curving up, mainly closed counters, point of final or free-standing nūn set down in or near return stroke of tall, wide bowl.</subfield></datafield><datafield tag="500" ind1=" " ind2=" "><subfield code="a">Layout: Written in 19 lines per page ; impression of ruling board evident.</subfield></datafield><datafield tag="500" ind1=" " ind2=" "><subfield code="a">Collation: V-1 (9), 7 V (79), III+1 (86), I (88), 3 V (118), IV (126), 5 V (176), II (180) ; chiefly quinions ; copy is acephelous with first leaf of first quire missing ; several leaves between the two works and following the second are left blank (though without loss of text) ; catchwords present ; pagination in pencil, Western numerals (supplied during cataloguing).</subfield></datafield><datafield tag="500" ind1=" " ind2=" "><subfield code="a">Colophon: [1] Scribal, triangular, reads: "قد وقع الفراغ من تحريره وتنميقه عن يد [اضعف؟] العباد الله هدايته [؟] الله عن قصه بلون [؟] المؤذن بجامع غازي على بيك تحريرا في اواخر صفر المظفر في يوم خميس في وقت الظهر سنة احدى وعشرين والف من هجرة النبوية عليه افضل التحية م م م" ; [2] Scribal, triangular, reads: "تمت الكتاب بعون الله الملك الوهاب في يوم الاحد من الشهر المحرم الحرام الشريف في وقت العصر سنة تسع وعشرين والف من هجرة النبوية عليه افضل التحية كتبه الحقير هدايته الله ..."</subfield></datafield><datafield tag="500" ind1=" " ind2=" "><subfield code="a">Explicit: [1] توفيق حقه رفيق اولوب آلت اولمغه سعى اتمك كركدر والسلام تمت النسخة الشريفة المباركة [المسمى] بشرح جزيرة المثنوي المكين [؟] بلمحات لمعات المثنوي وهي مرآت للسالكين ... وهو الله في السماء والارض لا اله الا هو عليه توكلت وهو رب العرش العظيم [2] رحمه ما دام كه اغح[؟] بود غن دبره در باد صبا ياخود سو ندرردوه حادي نغمتي تمت</subfield></datafield><datafield tag="500" ind1=" " ind2=" "><subfield code="a">Incipit: [1] صلوات صافيات وتحيات وافيات بي غايات اول شاه كزيده [2] الحمد لله الذي جعل النظام لانتظام الكلام والصلوة والسلام على محمد سيد الانام وعلى اله العظام واصحابه الكرام وبعد بو عبد فقير ورق حقير قليل البضاعة عديم البراعة حضرت فخر العابدين قطب الواصلين الموفق من عند الله رب العالمين شيخ سعد الله الخلوتي</subfield></datafield><datafield tag="500" ind1=" " ind2=" "><subfield code="a">Title from inscription on fol.1a.</subfield></datafield><datafield tag="500" ind1=" " ind2=" "><subfield code="a">Ms. codex.</subfield></datafield><datafield tag="505" ind1="0" ind2=" "><subfield code="a">4. fol. 179b-fol.180b : [blank].</subfield></datafield><datafield tag="505" ind1="0" ind2=" "><subfield code="a">2. fol. 127a-fol.179a : Şerh-i kaside-yi Bürde/ Şeyh Sadullah Halvetî.</subfield></datafield><datafield tag="505" ind1="0" ind2=" "><subfield code="a">2. fol.124a-fol.126b : [blank].</subfield></datafield><datafield tag="505" ind1="0" ind2=" "><subfield code="a">1. fol.1a-123b : Şerh-i Cezire-yi Mesnevi/ Bağdadlı İlmî Dede.</subfield></datafield><datafield tag="510" ind1="4" ind2=" "><subfield code="a">Ḥājjī Khalīfah. Kashf al-ẓunūn,</subfield><subfield code="c">1335 / 2</subfield></datafield><datafield tag="520" ind1="8" ind2=" "><subfield code="a">Two works, the first being İlmî Dede's Turkish commentary on on the Persian Jazīrah-i Mas̲navī, a selection by Yusuf Sinaneddin Sineçak (d.953/1546) of 360 verses from Jalāl al-Dīn Rūmī's Mas̲navī and the second being Şeyh Sadullah Halvetî's Turkish commentary on al-Būṣirī's (d.694/1294) Arabic poem in praise of the Prophet Muḥammad, al-Burdah, or al-Kawākib al-durrīyah fī madḥ Khayr al-barīyah. Copy is acephelous with first leaf of first quire missing.</subfield></datafield><datafield tag="538" ind1=" " ind2=" "><subfield code="a">Mode of access: Internet.</subfield></datafield><datafield tag="541" ind1=" " ind2=" "><subfield code="a">Acquired in 1926 from the bookseller Isaac Benjamin S.E. Yahuda via purchase transacted on his behalf by Abraham Shalom Yahuda (1877-1951), his younger brother.</subfield></datafield><datafield tag="546" ind1=" " ind2=" "><subfield code="a">Ottoman Turkish, Persian, and Arabic.</subfield></datafield><datafield tag="561" ind1=" " ind2=" "><subfield code="a">Lacking in ownership marks ; collation statement inscribed following title on fol.1a (p.1) reads: "عدد اوراقهما ۱۸۰" ; numerous marginal corrections (including clarification of cacographic errors, variants, omissions, etc.) throughout ; mark of collation "بلغ" appears in several places such as fol.21b, fol.38b, fol.62b, etc. (p.42, p.76, p.124, etc.) ; much marginal commentary (accompanying second work in particular).</subfield></datafield><datafield tag="600" ind1="0" ind2="0"><subfield code="a">Muḥammad,</subfield><subfield code="c">Prophet,</subfield><subfield code="d">-632</subfield><subfield code="v">Poetry</subfield><subfield code="v">Early works to 1800.</subfield></datafield><datafield tag="600" ind1="1" ind2="0"><subfield code="a">Būṣīrī, Sharaf al-Dīn Muḥammad ibn Saʻīd,</subfield><subfield code="d">1213?-1296?</subfield><subfield code="t">Burdah.</subfield></datafield><datafield tag="600" ind1="0" ind2="0"><subfield code="a">Yusuf Sinaneddin Sineçak,</subfield><subfield code="d">d. 1546 or 7.</subfield><subfield code="t">Jazīrah-i Mas̲navī.</subfield></datafield><datafield tag="650" ind1=" " ind2="0"><subfield code="a">Manuscripts, Arabic</subfield><subfield code="z">Michigan</subfield><subfield code="z">Ann Arbor.</subfield></datafield><datafield tag="650" ind1=" " ind2="0"><subfield code="a">Manuscripts, Persian</subfield><subfield code="z">Michigan</subfield><subfield code="z">Ann Arbor.</subfield></datafield><datafield tag="650" ind1=" " ind2="0"><subfield code="a">Manuscripts, Turkish</subfield><subfield code="z">Michigan</subfield><subfield code="z">Ann Arbor.</subfield></datafield><datafield tag="650" ind1=" " ind2="0"><subfield code="a">Sufi poetry</subfield><subfield code="v">Early works to 1800.</subfield></datafield><datafield tag="700" ind1="0" ind2="2"><subfield code="6">880-09</subfield><subfield code="a">Būṣīrī, Sharaf al-Dīn Muḥammad ibn Saʻīd,</subfield><subfield code="a">Burdah.</subfield><subfield code="d">1213?-1296?</subfield></datafield><datafield tag="700" ind1="0" ind2="2"><subfield code="6">880-08</subfield><subfield code="a">Jalāl al-Dīn Rūmī,</subfield><subfield code="c">Maulana,</subfield><subfield code="d">1207-1273.</subfield><subfield code="t">Mas̲navī.</subfield><subfield code="k">Selections.</subfield></datafield><datafield tag="700" ind1="0" ind2="2"><subfield code="6">880-07</subfield><subfield code="a">Yusuf Sinaneddin Sineçak,</subfield><subfield code="d">-1546 or 1547.</subfield><subfield code="t">Jazīrah-i Mas̲navī.</subfield></datafield><datafield tag="700" ind1="0" ind2="2"><subfield code="6">880-06</subfield><subfield code="a">Şeyh Sadullah Halvetî.</subfield><subfield code="t">Şerh-i kaside-yi Bürde.</subfield></datafield><datafield tag="740" ind1="0" ind2="2"><subfield code="6">880-11</subfield><subfield code="a">Sharḥ qaṣīdat al-Burdah</subfield></datafield><datafield tag="740" ind1="0" ind2="2"><subfield code="6">880-10</subfield><subfield code="a">Şerh-i kaside-yi Bürde</subfield></datafield><datafield tag="773" ind1="0" ind2=" "><subfield code="a">Yahuda Collection.</subfield></datafield><datafield tag="880" ind1="0" ind2="2"><subfield code="6">740-11/</subfield><subfield code="a">شرح قصيدة البردة</subfield></datafield><datafield tag="880" ind1="0" ind2="2"><subfield code="6">740-10/</subfield><subfield code="a">شرح قصيدهء برده</subfield></datafield><datafield tag="880" ind1="0" ind2="2"><subfield code="6">700-09/</subfield><subfield code="a">بوصيري, شرف الدين محمد بن سعيد.</subfield><subfield code="t">بردة.</subfield></datafield><datafield tag="880" ind1="0" ind2="2"><subfield code="6">700-08/</subfield><subfield code="a">جلال الدين رومي,</subfield><subfield code="c">مولانا،</subfield><subfield code="t">مثنوي.</subfield><subfield code="k">مختارات.</subfield></datafield><datafield tag="880" ind1="0" ind2="2"><subfield code="6">700-07/</subfield><subfield code="a">يوسف سنان الدين سينه چاك.</subfield><subfield code="t">جزيره مثنوى.</subfield></datafield><datafield tag="880" ind1="0" ind2="2"><subfield code="6">700-06/</subfield><subfield code="a">سعد الله الخلوتي.</subfield><subfield code="t">شرح قصيدة البردة.</subfield></datafield><datafield tag="880" ind1="3" ind2=" "><subfield code="6">246-05/</subfield><subfield code="a">لمحات لمعات المعنوي</subfield></datafield><datafield tag="880" ind1="3" ind2=" "><subfield code="6">246-04/</subfield><subfield code="a">شرح جزيرة المثنوي</subfield></datafield><datafield tag="880" ind1="3" ind2=" "><subfield code="6">246-03/</subfield><subfield code="a">شرح جزيره مثنوى</subfield></datafield><datafield tag="880" ind1="1" ind2="0"><subfield code="6">245-02/</subfield><subfield code="a">كتاب شرح مثنوى الصغير وشرح قصيدة البرده,</subfield><subfield code="f">[1021ه, 1612م و 1029ه, 1619م].</subfield></datafield><datafield tag="880" ind1="0" ind2=" "><subfield code="6">100-01/</subfield><subfield code="a">علمى دده.</subfield></datafield><datafield tag="CID" ind1=" " ind2=" "><subfield code="a">006814062</subfield></datafield><datafield tag="DAT" ind1="0" ind2=" "><subfield code="a">20190719102638.0</subfield><subfield code="b">20190719000000.0</subfield></datafield><datafield tag="DAT" ind1="1" ind2=" "><subfield code="a">20190719090653.0</subfield><subfield code="b">2019-07-19T16:11:45Z</subfield></datafield><datafield tag="DAT" ind1="2" ind2=" "><subfield code="a">2015-10-10T18:00:06Z</subfield></datafield><datafield tag="CAT" ind1=" " ind2=" "><subfield code="a">SDR-MIU</subfield><subfield code="d">EX LIBRIS - ALEPH</subfield><subfield code="l">prepare.pl-004-008</subfield></datafield><datafield tag="FMT" ind1=" " ind2=" "><subfield code="a">BK</subfield></datafield><datafield tag="HOL" ind1=" " ind2=" "><subfield code="0">sdr-miu006814062</subfield><subfield code="a">MiU</subfield><subfield code="b">SDR</subfield><subfield code="c">MIU</subfield><subfield code="p">mdp.39015079128669</subfield><subfield code="s">MIU</subfield><subfield code="1">006814062</subfield></datafield><datafield tag="974" ind1=" " ind2=" "><subfield code="b">MIU</subfield><subfield code="c">MIU</subfield><subfield code="d">20190719</subfield><subfield code="s">lit-dlps-dc</subfield><subfield code="u">mdp.39015079128669</subfield><subfield code="y">1619</subfield><subfield code="r">pd</subfield><subfield code="q">bib</subfield><subfield code="t">non-US bib date2, date type m &lt; 1896</subfield></datafield></record></collection>